@online{rehamedia:TobiiPCEyeGo,
	author         = {{Rehamedia GmbH}},
	title          = {TOBII PC EYE GO},
    year           = {2015},
	url            = {http://www.rehamedia.de},
    product-number = {0000001267},
    urldate        = {2015-05-22}
}

@online{rehamedia:goTalkNow,
	author         = {{Rehamedia GmbH}},
	title          = {VOICEPAD GOTALK NOW},
    year           = {2015},
	url            = {http://www.rehamedia.de},
    product-number = {0000001429},
    urldate        = {2015-05-29}
}

@online{ablenet:bigRed,
	author         = {{AbleNet Inc}},
	title          = {Big Red touch},
    year           = {2015},
	url            = {https://www.ablenetinc.com},
    product-number = {10033500},
    urldate        = {2015-05-23}
}

@online{ablenet:penguinRace,
	author         = {{AbleNet Inc}},
	title          = {Penguin Race},
    year           = {2015},
	url            = {https://www.ablenetinc.com},
    product-number = {30050303 },
    urldate        = {2015-05-23}
}

@online{ablenet:iPad,
	author         = {{AbleNet Inc}},
	title          = {Blue2 Bluetooth Switch},
    year           = {2015},
	url            = {https://www.ablenetinc.com},
    product-number = {10000017},
    urldate        = {2015-05-23}
}

@online{ablenet:mouse,
	author         = {{AbleNet Inc}},
	title          = {BIGtrack Trackball},
    year           = {2015},
	url            = {https://www.ablenetinc.com},
    product-number = {12000006},
    urldate        = {2015-05-23}
}

@online{ablenet:keyboard,
	author         = {{AbleNet Inc}},
	title          = {IntelliKeys USB},
    year           = {2015},
	url            = {https://www.ablenetinc.com},
    product-number = {139459},
    urldate        = {2015-05-23}
}

@online{rehavista:goTalkPlus,
	author         = {{REHAVISTA GmbH}},
	title          = {GoTalk 9+},
    year           = {2015},
	url            = {http://www.rehavista.de/},
    product-number = {11833},
    urldate        = {2015-05-29}
}

@online{tobii:T15,
	author         = {{Tobii Dynavox}},
	title          = {T15},
    year           = {2015},
	url            = {http://www.tobiidynavox.com/meet-t15/},
    urldate        = {2015-05-29}
}

@online{cidar:metaTalkManual,
	author         = {Annette Kitzinger and {Cidar Health Care LLC}},
	title          = {MetaTalkDE HANDBUCH 1.6.0},
    year           = {2014},
	url            = {http://www.metakidz.com/MetaTalkDE/de/MetaTalkDE.1.6.0.Handbuch.pdf},
}
